<record><leader>01245cam a2200277   4500</leader><controlfield tag="001">001501732</controlfield><controlfield tag="003">MiAaHDL</controlfield><controlfield tag="005">20101113000000.0</controlfield><controlfield tag="006">m        d        </controlfield><controlfield tag="007">cr bn ---auaua</controlfield><controlfield tag="008">850328s1936    mnuaf    b    000 0 eng  </controlfield><datafield tag="010" ind1=" " ind2=" "><subfield code="a">   39028506 </subfield></datafield><datafield tag="035" ind1=" " ind2=" "><subfield code="a">sdr-coo34388</subfield></datafield><datafield tag="035" ind1=" " ind2=" "><subfield code="a">sdr-umn000659323</subfield></datafield><datafield tag="035" ind1=" " ind2=" "><subfield code="a">(OCoLC)2053080</subfield></datafield><datafield tag="040" ind1=" " ind2=" "><subfield code="a">DLC</subfield><subfield code="c">MNU-B</subfield><subfield code="d">MNU-B</subfield><subfield code="d">NIC</subfield></datafield><datafield tag="043" ind1=" " ind2=" "><subfield code="a">n-us-mn</subfield></datafield><datafield tag="050" ind1="0" ind2=" "><subfield code="a">QL684.M6</subfield><subfield code="b">R47 1936</subfield></datafield><datafield tag="082" ind1=" " ind2=" "><subfield code="a">598.29776</subfield></datafield><datafield tag="100" ind1="1" ind2=" "><subfield code="a">Roberts, Thomas S.</subfield><subfield code="q">(Thomas Sadler),</subfield><subfield code="d">1858-1946.</subfield></datafield><datafield tag="245" ind1="1" ind2="4"><subfield code="a">The birds of Minnesota,</subfield><subfield code="c">by Thomas S. Roberts. Illustrated with ninety-two color plates by Allan Brooks, George Miksch Sutton, Walter Alois Weber, Francis Lee Jacques, Walter John Breckenridge, including one plate by the late Louis Agassiz Fuertes.</subfield></datafield><datafield tag="250" ind1=" " ind2=" "><subfield code="a">2d ed., rev.</subfield></datafield><datafield tag="260" ind1=" " ind2=" "><subfield code="a">Minneapolis,</subfield><subfield code="b">The University of Minnesota Press;</subfield><subfield code="a">London,</subfield><subfield code="b">H. Milford, Oxford University Press,</subfield><subfield code="c">1936.</subfield></datafield><datafield tag="300" ind1=" " ind2=" "><subfield code="a">2 v.</subfield><subfield code="b">col. fronts., illus., 90 col. pl., diagrs.</subfield><subfield code="c">29 x 23 cm.</subfield></datafield><datafield tag="500" ind1=" " ind2=" "><subfield code="a">At head of title: Museum of Natural History, University of Minnesota.</subfield></datafield><datafield tag="504" ind1=" " ind2=" "><subfield code="a">Bibliography: vol. 2, p. [733]-808.</subfield></datafield><datafield tag="538" ind1=" " ind2=" "><subfield code="a">Mode of access: Internet.</subfield></datafield><datafield tag="650" ind1=" " ind2="0"><subfield code="a">Birds</subfield><subfield code="z">Minnesota</subfield><subfield code="x">Bibliography.</subfield></datafield><datafield tag="650" ind1=" " ind2="0"><subfield code="a">Birds</subfield><subfield code="z">Minnesota.</subfield></datafield><datafield tag="700" ind1="1" ind2=" "><subfield code="a">Fuertes, Louis Agassiz,</subfield><subfield code="d">1874-1927.</subfield></datafield><datafield tag="710" ind1="2" ind2=" "><subfield code="a">University of Minnesota.</subfield><subfield code="b">Museum of Natural History.</subfield></datafield><datafield tag="CID" ind1=" " ind2=" "><subfield code="a">001501732</subfield></datafield><datafield tag="DAT" ind1="0" ind2=" "><subfield code="a">20091216154318.0</subfield><subfield code="b">20101113000000.0</subfield></datafield><datafield tag="DAT" ind1="1" ind2=" "><subfield code="a">20120814065702.0</subfield><subfield code="b">2020-01-24T19:00:13Z</subfield></datafield><datafield tag="DAT" ind1="2" ind2=" "><subfield code="a">2020-01-24T19:00:03Z</subfield><subfield code="b">2017-10-25T20:00:02Z</subfield></datafield><datafield tag="CAT" ind1=" " ind2=" "><subfield code="a">SDR-COO</subfield><subfield code="d">UNKNOWN</subfield><subfield code="l">loader.pl-001-001</subfield></datafield><datafield tag="FMT" ind1=" " ind2=" "><subfield code="a">BK</subfield></datafield><datafield tag="HOL" ind1=" " ind2=" "><subfield code="0">sdr-coo34388</subfield><subfield code="a">coo</subfield><subfield code="b">SDR</subfield><subfield code="c">COO</subfield><subfield code="p">coo.31924000088058</subfield><subfield code="s">COO</subfield><subfield code="z">v. 1</subfield><subfield code="1">34388</subfield></datafield><datafield tag="974" ind1=" " ind2=" "><subfield code="b">COO</subfield><subfield code="c">COO</subfield><subfield code="d">20200124</subfield><subfield code="s">google</subfield><subfield code="u">coo.31924000088058</subfield><subfield code="z">v. 1</subfield><subfield code="y">1936</subfield><subfield code="r">ic</subfield><subfield code="q">ren</subfield></datafield><datafield tag="974" ind1=" " ind2=" "><subfield code="b">UMN</subfield><subfield code="c">UMN</subfield><subfield code="d">20220402</subfield><subfield code="s">google</subfield><subfield code="u">umn.31951000410263b</subfield><subfield code="z">v.1</subfield><subfield code="y">1936</subfield><subfield code="r">ic</subfield><subfield code="q">ren</subfield></datafield><datafield tag="974" ind1=" " ind2=" "><subfield code="b">UMN</subfield><subfield code="c">UMN</subfield><subfield code="d">20220321</subfield><subfield code="s">google</subfield><subfield code="u">umn.319510004102649</subfield><subfield code="z">v.2</subfield><subfield code="y">1936</subfield><subfield code="r">ic</subfield><subfield code="q">ren</subfield></datafield></record>